@inproceedings{ABNT,
  author    = {{ABNT}},
  booktitle = {Associação Brasileira de Normas Técnicas},
  title     = {NBR 9050: Acessibilidade a edificações, mobiliário, espaços e equipamentos urbanos},
  url       = {https://acessibilidade.unb.br/images/PDF/NORMA_NBR-9050.pdf},
  year      = {2015}
}

@misc{AC,
  author = {IBM},
  title  = {Accessibility-Checker},
  url    = {https://www.npmjs.com/package/accessibility-checker},
  year   = {2020}
}

@misc{ACT,
  author        = {W3C},
  title         = {Accessibility Conformance Testing (ACT) Overview },
  url           = {https://www.w3.org/WAI/standards-guidelines/act/},
  urlaccessdate = {2025-04-01},
  year          = {2020}
}

@misc{AM,
  author = {AMA - Agência para a Modernização Administrativa},
  title  = {accessmonitor},
  url    = {https://accessmonitor.acessibilidade.gov.pt/},
  year   = {2021}
}

@techreport{api,
  author = {{Red Hat}},
  title  = {O que é uma API REST?},
  url    = {https://www.redhat.com/pt-br/topics/api/what-is-a-rest-api},
  year   = {2023}
}

@misc{axecore,
  author = {Deque Systems},
  title  = {axe-core},
  url    = {https://github.com/dequelabs/axe-core},
  year   = {2015}
}

@misc{BP,
  author        = {Governo Federal Brasileiro},
  title         = {Digital Accessibility Best Practices Guide},
  url           = {https://www.gov.br/governodigital/pt-br/acessibilidade-e-usuario/acessibilidade-digital/ENGGuiaboaspraticasacessibilidadeBRUKv3.pdf},
  urlaccessdate = {2025-04-01},
  year          = {2023}
}

@misc{CD,
  author        = {Câmara dos Deputados},
  title         = {Glossário de Acessibilidade},
  url           = {https://www2.camara.leg.br/a-camara/estruturaadm/gestao-na-camara-dos-deputados/responsabilidade-social-e-ambiental/acessibilidade/glossarios/glossario.html},
  urlaccessdate = {2025-02-13},
  year          = {2025}
}

@misc{chrome,
  author        = {{Wikipedia}},
  title         = {Google Chrome},
  url           = {https://pt.wikipedia.org/wiki/ Google_Chrome},
  urlaccessdate = {2025-03-25},
  year          = {2008}
}

@misc{devtools,
  author = {Google LLC},
  title  = {DevTools},
  url    = {https://developer.chrome.com/docs/devtools/},
  year   = {2008}
}

@misc{DOM,
  author        = {{MDN Web Docs}},
  title         = {O que é o DOM?},
  url           = {https://developer.mozilla.org/pt-BR/docs/Web/API/Document_Object_Model/Introduction#o_que_%C3%A9_o_dom},
  urlaccessdate = {2025-03-25},
  year          = {2025}
}

@techreport{emag,
  author = {{Governo Federal Brasileiro}},
  title  = {eMAG - Modelo de Acessibilidade em Governo Eletrônico},
  url    = {https://emag.governoeletronico.gov.br/},
  year   = {2004}
}

@misc{endpoints,
  author        = {{IBM}},
  title         = {O que é um endpoint de API?},
  url           = {https://www.ibm.com/br-pt/topics/api-endpoint},
  urlaccessdate = {2025-02-20},
  year          = {2024}
}

@misc{express,
  author = {OpenJS Foundation},
  title  = {Express},
  url    = {https://expressjs.com/},
  year   = {2010}
}


@misc{Gurgel,
  author    = {Gurgel, G. M. M. and Medeiros, L. O. and Moura, L. S. N. T.},
  journal   = {HOLOS},
  number    = {1},
  pages     = {182--195},
  publisher = {Instituto Federal de Educação, Ciência e Tecnologia do Rio Grande do Norte},
  title     = {Avaliação da Acessibilidade do Portal IFRN à Luz do e-MAG e do WCAG Samurai},
  url       = {https://www2.ifrn.edu.br/ojs/index.php/HOLOS/article/view/582/513},
  volume    = {28},
  year      = {2012}
}

@misc{headless,
  author        = {Google LLC},
  title         = {Modo headless do Chrome},
  url           = {https://developer.chrome.com/docs/chromium/headless?hl=pt-br},
  urlaccessdate = {2025-03-25},
  year          = {2024}
}

@misc{hooks,
  author        = {WordPress Foundation},
  title         = {Hooks},
  url           = {https://developer.wordpress.org/plugins/hooks/},
  urlaccessdate = {2025-03-25},
  year          = {2014}
}

@misc{HTTP,
  author        = {{Wikipedia}},
  title         = {Hypertext Transfer Protocol},
  url           = {https://pt.wikipedia.org/wiki/Hypertext_Transfer_Protocol},
  urlaccessdate = {2025-03-25}
}

@misc{IBMa,
  author = {IBMa},
  title  = {IBM Equal Access Accessibility Checker},
  url    = {https://github.com/IBMa/equal-access},
  year   = {2020}
}

@misc{insomnia,
  author = {Insomnia},
  title  = {Insomnia},
  url    = {https://insomnia.rest/},
  year   = {2016}
}

@techreport{jwt,
  author = {IETF},
  title  = {JSON Web Token (JWT)},
  url    = {https://tools.ietf.org/html/rfc7519},
  year   = {2015}
}

@misc{JWT,
  author        = {{Wikipedia}},
  title         = {JSON Web Token},
  url           = {https://pt.wikipedia.org/wiki/JSON_Web_Token},
  urlaccessdate = {2025-03-25}
}

@article{LBI,
  author  = {{Brasil}},
  journal = {Diário Oficial da República Federativa do Brasil},
  title   = {Lei nº 13.146, de 6 de julho de 2015, Lei Brasileira de Inclusão da Pessoa com Deficiência},
  url     = {http://www.planalto.gov.br/ccivil_03/_ato2015-2018/2015/lei/l13146.htm},
  urldate = {2025-02-20},
  year    = {2015}
}

@misc{mw,
  author        = {{Wikipedia}},
  title         = {Middleware},
  url           = {https://pt.wikipedia.org/wiki/Middleware},
  urlaccessdate = {2025-03-25}
}

@misc{Node,
  author = {Node.js Foundation},
  title  = {Node.js},
  url    = {https://nodejs.org/},
  year   = {2009}
}

@misc{PhdRenato,
  address = {João Pessoa, Brasil},
  author  = {Renato Santos Lourenço},
  school  = {Universidade Federal da Paraíba},
  title   = {Acessibilidade nos Portais Institucionais da Universidade Federal da Paraíba: uma análise após a padronização do uso do sistema de gerenciamento de conteúdo Plone},
  url     = {https://repositorio.ufpb.br/jspui/handle/123456789/22321/},
  year    = {2021}
}

@misc{php,
  author = {The PHP Group},
  title  = {PHP},
  url    = {https://www.php.net/},
  year   = {1995}
}

@misc{plone,
  author    = {Plone Foundation},
  note      = {Accessed: 2025-02-20},
  publisher = {Plone Foundation},
  title     = {Plone},
  url       = {https://plone.org/},
  year      = {2001}
}

@misc{puppeteer,
  author = {Google LLC},
  title  = {Puppeteer},
  url    = {https://pptr.dev/},
  year   = {2017}
}

@misc{qualweb,
  author = {QualWeb},
  title  = {QualWeb},
  url    = {https://qualweb.di.fc.ul.pt/evaluator/about},
  year   = {2020}
}

@misc{routes,
  author        = {{Wikipedia}},
  title         = {Routing},
  url           = {https://en.wikipedia.org/wiki/Routing},
  urlaccessdate = {2025-02-20},
  year          = {2025}
}

@article{SBSI,
  address   = {Porto Alegre, RS, Brasil},
  author    = {Vinícios Carvalho and Maria Cagnin and Débora Paiva},
  booktitle = {Anais do XIII Simpósio Brasileiro de Sistemas de Informação},
  doi       = {10.5753/sbsi.2017.6033},
  location  = {Lavras},
  pages     = {116--123},
  publisher = {SBC},
  title     = { Avaliação de Acessibilidade de Web Sites de Governos Estaduais do Brasil},
  url       = {https://sol.sbc.org.br/index.php/sbsi/article/view/6033},
  year      = {2017}
}


@misc{SIGAx,
  author        = {UFJF},
  title         = {UFJF lança nova versão do Siga X com mais recursos},
  url           = {https://www2.ufjf.br/noticias/2024/12/10/ufjf-lanca-nova-versao-do-siga-x-com-mais-recursos/},
  urlaccessdate = {2025-03-25},
  year          = {2024}
}

@techreport{wcag22,
  author = {W3C},
  title  = {Web Content Accessibility Guidelines (WCAG) 2.2},
  url    = {https://www.w3.org/TR/WCAG22/},
  year   = {2024}
}

@misc{WP,
  author = {WordPress Foundation},
  title  = {WordPress},
  url    = {https://wordpress.org/},
  year   = {2003}
}

@misc{wp-ms,
  author        = {WordPress Foundation},
  title         = {WordPress Multisite / Network},
  url           = {https://developer.wordpress.org/advanced-administration/multisite/},
  urlaccessdate = {2025-02-20},
  year          = {2023}
}