@article{sample2025,
  author = {Author Name},
  title = {Sample Article},
  journal = {Sample Journal},
  year = {2025},
  volume = {1},
  number = {1},
  pages = {1-10},
  month = {January},
  note = {An optional note},
  key = {sample2025}
}